<?xml version="1.0" encoding="UTF-8"?><collection xmlns="http://www.loc.gov/MARC21/slim"><record><leader>00735nam--2200217-i-4500</leader><controlfield tag="001">000019741</controlfield><controlfield tag="002">20161230</controlfield><controlfield tag="005">20170105163331</controlfield><controlfield tag="008">060222s1000------------r-----000-0-eng-d</controlfield><datafield ind1=" " ind2=" " tag="020"><subfield code="a">0295954582</subfield></datafield><datafield ind1=" " ind2=" " tag="040"><subfield code="a">IFIN-HH</subfield></datafield><datafield ind1=" " ind2=" " tag="080"><subfield code="a">539.186.2/3(061.3)</subfield></datafield><datafield ind1="1" ind2=" " tag="100"><subfield code="a">Risley, John S</subfield></datafield><datafield ind1="1" ind2="0" tag="245"><subfield code="a">Electronic and atomic collisions</subfield><subfield code="b">Abstracts of papers of the IXth International Conference on the Physics of Electronic and Atomic Collisions Seattle 24-30 July 1975. Vol. 1 si 2</subfield><subfield code="c">John S. Risley, R. Geballe (eds.)</subfield></datafield><datafield ind1=" " ind2=" " tag="260"><subfield code="a">Washington</subfield><subfield code="b">University</subfield><subfield code="c">1975</subfield></datafield><datafield ind1=" " ind2=" " tag="300"><subfield code="a">2 volume</subfield></datafield><datafield ind1="1" ind2=" " tag="700"><subfield code="a">Geballe, R</subfield><subfield code="e">Ed</subfield></datafield><datafield ind1=" " ind2=" " tag="787"><subfield code="a">Volume 1</subfield><subfield code="h">594p</subfield></datafield><datafield ind1="1" ind2=" " tag="787"><subfield code="a">Volume 2</subfield><subfield code="h">/594p./1188p</subfield></datafield><datafield ind1=" " ind2=" " tag="852"><subfield code="a">45285</subfield><subfield code="c">539.18</subfield></datafield><datafield ind1=" " ind2=" " tag="CAT"><subfield code="a">SYS</subfield><subfield code="c">20170105</subfield><subfield code="h">163331</subfield></datafield></record></collection>